%Literaturquellen hier einfügen
%Hinweis: Verfasser ohne Namen als o.V. erfassen (ohne Leerzeichen dazwischen)

%Beispiele:
@misc{psgithub,
 abstract = {PowerShell for every system! Contribute to PowerShell/PowerShell development by creating an account on GitHub.},
 author = {Powershell},
 year = {2025},
 title = {PowerShell GitHub Repository},
 url = {https://github.com/PowerShell/PowerShell},
 urldate = {2025-01-23}
}

@misc{mc-test,
	title = {Einführung in {Microsoft} {Azure}: {Beschreiben} von {Cloudkonzepten} - {Training}},
	shorttitle = {Einführung in {Microsoft} {Azure}},
	url = {https://learn.microsoft.com/de-de/training/paths/microsoft-azure-fundamentals-describe-cloud-concepts/},
	abstract = {Microsoft Azure-Grundlagen: Beschreiben von Cloudkonzepten},
    language = {de-de},
	urldate = {2025-07-26},
	author = {Microsoft},
}

@book{lipp,
	address = {München},
	edition = {Studentenausg},
	series = {net.com - networking \& communications},
	title = {{VPN} - {Virtuelle} {Private} {Netzwerke}: {Aufbau} und {Sicherheit}},
	isbn = {978-3-8273-2647-8},
	shorttitle = {{VPN} - {Virtuelle} {Private} {Netzwerke}},
	language = {ger},
	publisher = {Addison-Wesley},
	author = {Lipp, Manfred},
	year = {2007},
	annote = {Literatur- und URL-Verz. S. 429 - 431 lt. Vorwort "vollständig überarbeitete und ergänzte Aufl.},
	annote = {Literatur- und URL-Verz. S. 429 - 431 lt. Vorwort "vollständig überarbeitete und ergänzte Aufl.},
}